% Recommended: Use JabRef as your reference manager.

@Article{Elgamal1985,
    author   = {Elgamal, T.},
    journal  = {IEEE Transactions on Information Theory},
    title    = {A public key cryptosystem and a signature scheme based on discrete logarithms},
    year     = {1985},
    issn     = {1557-9654},
    month    = jul,
    number   = {4},
    pages    = {469--472},
    volume   = {31},
    doi      = {10.1109/TIT.1985.1057074},
    url      = {https://ieeexplore.ieee.org/document/1057074},
}

@Misc{IPLeiriaThesis,
    author   = {{José Areia}},
    title    = {Polytechnic University of Leiria: LaTeX Thesis Template},
    year     = {2023},
    month    = dec,
    url      = {https://github.com/joseareia/ipleiria-thesis},
}

%%%%%%%%%%%%%%%%%%%%%%%%%%%%%%%%%%%%%%%%%%%%%%%%%%%%%%%%


@inproceedings{kennedy1995particle,
  title={Particle swarm optimization},
  author={Kennedy, J. and Eberhart, R. C.},
  booktitle={Proceedings of the IEEE International Conference on Neural Networks},
  pages={1942--1948},
  year={1995},
  organization={IEEE}
}

@inproceedings{eberhart1995new,
  title={A new optimizer using particle swarm theory},
  author={Eberhart, R. C. and Kennedy, J.},
  booktitle={Proceedings of the Sixth International Symposium on Micro Machine and Human Science},
  pages={39--43},
  year={1995},
  organization={IEEE},
  DOI={10.1109/MHS.1995.494215}
}

@incollection{heppner1990stochastic,
  author    = {Heppner, F. and Grenander, U.},
  title     = {A Stochastic Nonlinear Model for Coordinated Bird Flocks},
  booktitle = {The Ubiquity of Chaos},
  editor    = {Krasner, S.},
  year      = {1990},
  publisher = {AAAS Publications},
  address   = {Washington, DC}
}

@article{reynolds1987flocks,
  author  = {Reynolds, Craig W.},
  title   = {Flocks, Herds and Schools: A Distributed Behavioral Model},
  journal = {Computer Graphics},
  volume  = {21},
  number  = {4},
  pages   = {25--34},
  year    = {1987}
}

@book{wilson1975sociobiology,
  author    = {Wilson, E. O.},
  title     = {Sociobiology: The New Synthesis},
  year      = {1975},
  publisher = {Belknap Press},
  address   = {Cambridge, MA}
}

@inproceedings{millonas1993swarms,
  author    = {Mark M. Millonas},
  title     = {Swarms, Phase Transitions, and Collective Intelligence},
  booktitle = {Proceedings of Artificial Life III},
  editor    = {Christopher G. Langton},
  year      = {1993},
  publisher = {Addison-Wesley},
  address   = {Santa Fe Institute},
  pages     = {417--445},
}

@article{reeves1983particle,
  title={Particle systems—a technique for modeling a class of fuzzy objects},
  author={Reeves, William T.},
  journal={ACM Transactions on Graphics (TOG)},
  volume={2},
  number={2},
  pages={91--108},
  year={1983},
  publisher={ACM}
}

@inproceedings{angeline1998evolutionary,
  title={Evolutionary Optimization Versus Particle Swarm Optimization: Philosophy and Performance Differences},
  author={Angeline, Peter J.},
  booktitle={Proceedings of the Seventh Annual Conference on Evolutionary Programming},
  year={1998},
  pages={601--610},
  publisher={Springer},
  address={Berlin, Heidelberg},
  doi={10.1007/BFb0040811},
}

@article{poli2007particle,
  title={Particle swarm optimization: An overview},
  author={Poli, Riccardo and Kennedy, James and Blackwell, Tim},
  journal={Swarm Intelligence},
  volume={1},
  number={1},
  pages={33--57},
  year={2007},
  publisher={Springer},
  doi={10.1007/s11721-007-0002-0}
}

@book{engelbrecht2007computational,
  title     = {Computational Intelligence: An Introduction},
  author    = {Andries P. Engelbrecht},
  edition   = {2nd},
  year      = {2007},
  publisher = {John Wiley \& Sons},
  address   = {Chichester, England},
  isbn      = {978-0-470-03561-0}
}

@phdthesis{vandenbergh2002analysis,
  author       = {Frans van den Bergh},
  title        = {An Analysis of Particle Swarm Optimizers},
  school       = {University of Pretoria},
  year         = {2002},
  address      = {Pretoria, South Africa},
  type         = {PhD thesis},
  institution  = {Department of Computer Science}
}

@article{abualigah2025particle,
  author    = {Laith Abualigah},
  title     = {Particle Swarm Optimization: Advances, Applications, and Experimental Insights},
  journal   = {Computers, Materials \& Continua},
  year      = {2025},
  volume    = {82},
  number    = {2},
  pages     = {1539--1592},
  doi       = {10.32604/cmc.2025.060765},
  publisher = {Tech Science Press}
}

@inproceedings{kennedy1997discrete,
  author       = {Kennedy, James and Eberhart, Russell C.},
  title        = {A Discrete Binary Version of the Particle Swarm Algorithm},
  booktitle    = {Proceedings of the 1997 IEEE International Conference on Systems, Man, and Cybernetics},
  subtitle     = {Computational Cybernetics and Simulation},
  address      = {Orlando, FL, USA},
  date         = {1997},
  pages        = {4104--4108},
  doi          = {10.1109/ICSMC.1997.637339},
}

@incollection{alvarezbenitez2005mopso,
  author       = {Alvarez-Benitez, Julio E. and Everson, Richard M. and Fieldsend, Jonathan E.},
  title        = {A MOPSO Algorithm Based Exclusively on Pareto Dominance Concepts},
  booktitle    = {Evolutionary Multi-Criterion Optimization (EMO 2005)},
  editor       = {Coello Coello, Carlos A. and Hernández Aguirre, Álvaro and Zitzler, Eckart},
  series       = {Lecture Notes in Computer Science},
  volume       = {3410},
  pages        = {459--473},
  year         = {2005},
  doi          = {10.1007/978-3-540-31880-4_32},
}

@inproceedings{nebro2009smpsomcdm,
  author       = {Nebro, Antonio J. and Durillo, Juan J. and Garc{\'i}a–Nieto, Jos{\'e} and Coello Coello, Carlos A. and Luna, Francisco and Alba, Enrique},
  title        = {SMPSO: A new PSO-based metaheuristic for multi-objective optimization},
  booktitle    = {Proceedings of the 2009 IEEE Symposium on Computational Intelligence in Multi‑Criteria Decision‑Making (MCDM)},
  address      = {Nashville, TN, USA},
  year         = {2009},
  pages        = {66--73},
  doi          = {10.1109/MCDM.2009.4938830},
}

@article{shao2025improved,
  author       = {Shao, Jinyan and Lu, Yuan and Sun, Yi and Zhao, Lei},
  title        = {An improved multi-objective particle swarm optimization algorithm for the design of foundation pit of rail transit upper cover project},
  journal      = {Scientific Reports},
  volume       = {15},
  number       = {1},
  pages        = {10403},
  year         = {2025},
  doi          = {10.1038/s41598-025-87350-8},
  url          = {https://doi.org/10.1038/s41598-025-87350-8}
}

%%%% Applications

%% electrical and electronic engineering

@inproceedings{jin2024improved,
  author       = {Hui Jin},
  title        = {An Improved PSO-Optimized RBF Forecasting Algorithm and Its Application},
  booktitle    = {Proceedings of the 2024 11th International Forum on Electrical Engineering and Automation (IFEEA)},
  year         = {2024},
  pages        = {1394--1397},
  doi          = {10.1109/IFEEA64237.2024.10878687},
}

@inproceedings{dibya2025optimized,
  author       = {Arpon Bose Dibya and Sandip Kumer Sarker and Tanvir Ahmed},
  title        = {Optimized Scheduling for Microgrid-Connected Battery Swapping Stations Using Modified Particle Swarm Optimization},
  booktitle    = {Proceedings of the 2025 International Conference on Electrical, Computer and Communication Engineering (ECCE)},
  year         = {2025},
  pages        = {1--5},
  doi          = {10.1109/ECCE64574.2025.11013904},
}

@inproceedings{salvatierra2024pso,
  author       = {Miguel Enrique Oncebay Salvatierra and Jefferson Javier Chavez Arias},
  title        = {PSO Model for Transmission Expansion Planning Considering Renewable Generation},
  booktitle    = {Proceedings of IECON 2024 - 50th Annual Conference of the IEEE Industrial Electronics Society},
  year         = {2024},
  pages        = {1--6},
  doi          = {10.1109/IECON55916.2024.10905681},
}

%%  automation and control systems

@inproceedings{duan2024using,
  author       = {Bing Duan and Yuteng Liu and Yifeng He},
  title        = {Using PSO Algorithm for In-orbit Attitude Adjustment and Control of Communication Satellites},
  booktitle    = {Proceedings of the 2024 IEEE 2nd International Conference on Electrical, Automation and Computer Engineering (ICEACE)},
  year         = {2024},
  pages        = {58--62},
  doi          = {10.1109/ICEACE63551.2024.10898375}
}

@inproceedings{urgan2024pso,
  author       = {Ammar Urgan and Fatih Adigüzel},
  title        = {A PSO-Based Backstepping Pseudo-Sliding Mode Speed Controller Design for PMSM Drives},
  booktitle    = {Proceedings of the 2024 IEEE 3rd Industrial Electronics Society Annual On-Line Conference (ONCON)},
  year         = {2024},
  pages        = {1--6},
  doi          = {10.1109/ONCON62778.2024.10931313}
}

@inproceedings{gil2024platooning,
  author       = {Kiyun Gil and Jongho Shin},
  title        = {Platooning System with PSO-Based Model Predictive Control and CTG Strategy},
  booktitle    = {Proceedings of the 2024 24th International Conference on Control, Automation and Systems (ICCAS)},
  year         = {2024},
  pages        = {1315--1319},
  doi          = {10.23919/ICCAS63016.2024.10773375}
}

%% communication theory



@article{qiao2025resource,
  author       = {Yuanyuan Qiao and Yong Niu and Zhu Han and Lei Xiong and Ning Wang and Tony Q. S. Quek and Bo Ai},
  title        = {Resource Allocation for ISAC and HRLLC in UAV-Assisted HSR System With a Hybrid PSO-Genetic Algorithm},
  journal      = {IEEE Internet of Things Journal},
  year         = {2025},
  volume       = {12},
  number       = {6},
  pages        = {6790--6804},
  doi          = {10.1109/JIOT.2024.3491180}
}

@inproceedings{jin2024overview,
  author       = {Benhao Jin and Yin Liu and Jialin Cai},
  title        = {An Overview of PSO Method for PA Optimization},
  booktitle    = {Proceedings of the 2024 IEEE Asia-Pacific Microwave Conference (APMC)},
  year         = {2024},
  pages        = {516--518},
  doi          = {10.1109/APMC60911.2024.10867532}
}

@inproceedings{jin2025design,
  author       = {Benhao Jin and Giovanni Crupi and Jialin Cai},
  title        = {Design of Multi-Octave RF PA Based on PSO Method With Individually Self-Adaptive Hyperparameters},
  booktitle    = {Proceedings of the 2025 International Workshop on Integrated Nonlinear Microwave and Millimetre-Wave Circuits (INMMIC)},
  year         = {2025},
  pages        = {1--3},
  doi          = {10.1109/INMMIC64198.2025.10975563}
}


%% operations research

@article{li2025ore,
  author       = {Shilei Li and Daofei Zhu and Yingbao Yang and Yanxiong Fu and Tao Yan},
  title        = {Ore Blending Scheme Optimization of Copper Smelting Based on Improved PSO Algorithm},
  journal      = {Canadian Metallurgical Quarterly},
  year         = {2025},
  volume       = {0},
  number       = {0},
  pages        = {1--12},
  publisher    = {Taylor \& Francis},
  doi          = {10.1080/00084433.2025.2481765},
}

@article{omran2025empirical,
  author       = {Mahamed G. H. Omran and Hui Wang and Mohammad Alaskandarani},
  title        = {Empirical Analysis and Improvement of the PSO-Sono Optimization Algorithm},
  journal      = {RAIRO - Operations Research},
  year         = {2025},
  volume       = {59},
  number       = {2},
  pages        = {1099--1119},
  doi          = {10.1051/ro/2025028},
}

@inproceedings{dong2022optimized,
  author       = {Wei Dong and Xiaolin Zhang and Guangxiu Yao and Jiazhi Lei and Zhao Liu},
  title        = {Optimized Operation Method for AC-DC Hybrid Microgrid Considering Dynamic Efficiency and Maximum Absorption Power of Battery},
  booktitle    = {Proceedings of the 2022 International Conference on Informatics, Networking and Computing (ICINC)},
  year         = {2022},
  pages        = {101--105},
  doi          = {10.1109/ICINC58035.2022.00028}
}

@article{palaniappan2025task,
  author       = {Shabariram C. Palaniappan and Priya P. Ponnuswamy},
  title        = {Task Offloading in Edge Computing Using Integrated Particle Swarm Optimization and Genetic Algorithm},
  journal      = {Advances in Science and Technology Research Journal},
  year         = {2025},
  volume       = {19},
  number       = {1},
  pages        = {371--380},
  doi          = {10.12913/22998624/195658},
  issn         = {2080-4075}
}

@article{simaiya2024hybrid,
  author       = {Sarita Simaiya and Umesh Kumar Lilhore and Yogesh Kumar Sharma and K. B. V. Brahma Rao and V. V. R. Maheswara Rao and Anupam Baliyan and Anchit Bijalwan and Roobaea Alroobaea},
  title        = {A Hybrid Cloud Load Balancing and Host Utilization Prediction Method Using Deep Learning and Optimization Techniques},
  journal      = {Scientific Reports},
  year         = {2024},
  volume       = {14},
  number       = {1},
  pages        = {1337},
  doi          = {10.1038/s41598-024-51466-0},
  url          = {https://doi.org/10.1038/s41598-024-51466-0}
}


%% mechanical and civil engineering

@inproceedings{ramkumar2025intelligent,
  author       = {G. Ramkumar and G. D. Vignesh and T. Saravanan and Prasad D. and Jayant Giri and Imad Shalout},
  title        = {Intelligent Re-Routing Process Using PSO Approach in Vehicular Ad-Hoc Network in Urban Environment},
  booktitle    = {Proceedings of the 2025 International Conference on Intelligent Computing and Control Systems (ICICCS)},
  year         = {2025},
  pages        = {575--580},
  doi          = {10.1109/ICICCS65191.2025.10985398}
}

@article{wang2025optimisation,
  author       = {Peng Wang},
  title        = {Optimisation of Decision Making for Construction Projects of Assembly Buildings Based on Improved PSO Algorithm},
  journal      = {Archives of Civil Engineering},
  year         = {2025},
  pages        = {113--125},
  publisher    = {Warsaw University of Technology, Faculty of Civil Engineering}
}

@article{houssein2025recent,
  author       = {Essam H. Houssein and Mohamed Hossam Abdel Gafar and Naglaa Fawzy and Ahmed Y. Sayed},
  title        = {Recent Metaheuristic Algorithms for Solving Some Civil Engineering Optimization Problems},
  journal      = {Scientific Reports},
  year         = {2025},
  volume       = {15},
  number       = {1},
  pages        = {7929},
  doi          = {10.1038/s41598-025-90000-8}
}

%%  energy systems

@article{bade2025multi,
  author       = {Shree Om Bade and Olusegun Stanley Tomomewo and Ajan Meenakshisundaram and Maharshi Dey and Moones Alamooti and Nabil Halwany},
  title        = {Multi-Criteria Optimization of a Hybrid Renewable Energy System Using Particle Swarm Optimization for Optimal Sizing and Performance Evaluation},
  journal      = {Clean Technologies},
  year         = {2025},
  volume       = {7},
  number       = {1},
  article-number = {23},
  doi          = {10.3390/cleantechnol7010023},
}

@inproceedings{zhang2024energy,
  author       = {Jian Zhang and Xiaoming Wang and Yicheng Zuo and Wei Li and Junbing Wang and Siwei Hou},
  title        = {Energy Storage System Capacity Optimization Configuration Using Trigonometric Function Based Particle Swarm Optimization Algorithm},
  booktitle    = {Proceedings of the 2024 First International Conference on Software, Systems and Information Technology (SSITCON)},
  year         = {2024},
  pages        = {1--5},
  doi          = {10.1109/SSITCON62437.2024.10796412}
}

@inproceedings{hamza2024optimization,
  author       = {Ettahri Hamza and Sabor Jalal and Faysal Yaden Mohammed and Hamid Gualous},
  title        = {Optimization and Management of Hybrid Renewable Energy System Using PSO Algorithm: Data Center Application},
  booktitle    = {Proceedings of the 2024 4th International Conference on Innovative Research in Applied Science, Engineering and Technology (IRASET)},
  year         = {2024},
  pages        = {1--5},
  doi          = {10.1109/IRASET60544.2024.10548367}
}

%%  biomedical engineering

@book{mallik2024swarm,
  author       = {Saurav Mallik and Zhongming Zhao and Nanda Dulal Jana and Prabhu Jayagopal and Tapas Si and Sandeep Kumar Mathivanan},
  title        = {Swarm Optimization for Biomedical Applications},
  publisher    = {CRC Press, Taylor \& Francis Group},
  year         = {2024},
  address      = {Boca Raton, FL},
  pages        = {326},
  isbn         = {9781032713762},
  doi          = {10.1201/9781032713762},
  url          = {https://doi.org/10.1201/9781032713762}
}

%%  data mining


@inproceedings{shan2024research,
  author       = {Weiwei Shan and Yongming Luan and Jinhui Zhu and Haoyu Zhang},
  title        = {Research on Dynamic Mining of Meteorological Data Based on PSO Algorithm},
  booktitle    = {Proceedings of the 2024 5th International Seminar on Artificial Intelligence, Networking and Information Technology (AINIT)},
  year         = {2024},
  pages        = {905--909},
  doi          = {10.1109/AINIT61980.2024.10581714}
}

@inproceedings{zuo2024knowledge,
  author       = {Yiyu Zuo},
  title        = {Knowledge Map Construction of Ancient Chinese Academy Literature Using Distributed Estimation Particle Swarm Optimization with Bidirectional Long Short-Term Memory},
  booktitle    = {Proceedings of the 2024 International Conference on Data Science and Network Security (ICDSNS)},
  year         = {2024},
  pages        = {1--4},
  doi          = {10.1109/ICDSNS62112.2024.10691008}
}

@article{carstensen2025efficient,
  author       = {Simen Carstensen and Jerry Chun-Wei Lin},
  title        = {An Efficient PSO-Based Evolutionary Model for Closed High-Utility Itemset Mining},
  journal      = {Applied Intelligence},
  year         = {2025},
  volume       = {55},
  number       = {4},
  pages        = {292},
  doi          = {10.1007/s10489-024-06151-0}
}

%% machine learning

@article{alenezi2025hybrid,
  author       = {Mohammed Alenezi and Fatih Anayi and Michael Packianather and Mokhtar Shouran},
  title        = {A Hybrid Machine Learning Framework for Early Fault Detection in Power Transformers Using PSO and DMO Algorithms},
  journal      = {Energies},
  year         = {2025},
  volume       = {18},
  number       = {8},
  article-number = {2024},
  doi          = {10.3390/en18082024},
}

@inproceedings{balavani2024enhanced,
  author       = {Kola Balavani and V. Akshara and E. Venkata Sandeep and M. Charan Sai and K. Raghava Rao and B. Naresh Kumar Reddy},
  title        = {Enhanced PSO-Integrated Machine Learning for Launch Vehicle Engine Temperature and Pressure Monitoring for Risk Prediction},
  booktitle    = {Proceedings of the 2024 15th International Conference on Computing Communication and Networking Technologies (ICCCNT)},
  year         = {2024},
  pages        = {1--6},
  doi          = {10.1109/ICCCNT61001.2024.10725589}
}

@article{tijjani2024enhanced,
  author       = {Sani Tijjani and Mohd Nadhir Ab Wahab and Mohd Halim Mohd Noor},
  title        = {An Enhanced Particle Swarm Optimization with Position Update for Optimal Feature Selection},
  journal      = {Expert Systems with Applications},
  year         = {2024},
  volume       = {247},
  pages        = {123337},
  doi          = {10.1016/j.eswa.2024.123337},
}

%% robotics

@inproceedings{sharma2025swarm,
  author       = {Vikas Sharma and Rahul Gupta and Kapil Sharma},
  title        = {Swarm Intelligence in Robotics: Optimizing PSO Parameters for Target Search in Single and Multiple Scenarios},
  booktitle    = {Proceedings of the 2025 11th International Conference on Mechatronics and Robotics Engineering (ICMRE)},
  year         = {2025},
  pages        = {140--144},
  doi          = {10.1109/ICMRE64970.2025.10976322}
}

@article{liu2025design,
  author       = {Sijia Liu and Chunbao Liu and Guowu Wei and Luquan Ren and Lei Ren},
  title        = {Design, Modeling, and Optimization of Hydraulically Powered Double-Joint Soft Robotic Fish},
  journal      = {IEEE Transactions on Robotics},
  year         = {2025},
  volume       = {41},
  pages        = {1211--1223},
  doi          = {10.1109/TRO.2025.3526087}
}

@inproceedings{prakash2024swarm,
  author       = {Kode Jaya Prakash and M. Muthukumaran and R. Sandhiya and T. Rajpradeesh and Mrunalini A. Deshmukh and Sathish Thanikodi},
  title        = {Swarm Intelligence for Multi-Robot Coordination in Industrial Environments},
  booktitle    = {Proceedings of the 2024 Ninth International Conference on Science Technology Engineering and Mathematics (ICONSTEM)},
  year         = {2024},
  pages        = {1--5},
  doi          = {10.1109/ICONSTEM60960.2024.10568689}
}

